@book{imageProcessing,
    author    = "Thomas Moeslund",
    title     = "Image and Video Processing",
    publisher = "Aalborg University",
    edition  = "2",
    year      = "2010",
    %month    = "august"
}